<?xml version="1.0" encoding="UTF-8"?><collection xmlns="http://www.loc.gov/MARC21/slim"><record><leader>00496nam--2200169-i-4500</leader><controlfield tag="001">000038893</controlfield><controlfield tag="002">20161230</controlfield><controlfield tag="005">20161230201042</controlfield><controlfield tag="008">060222s1000------------r-----000-0-eng-d</controlfield><datafield ind1=" " ind2=" " tag="040"><subfield code="a">IFIN-HH</subfield></datafield><datafield ind1=" " ind2=" " tag="080"><subfield code="a">539.12</subfield></datafield><datafield ind1="1" ind2=" " tag="100"><subfield code="a">Munir, B.A</subfield></datafield><datafield ind1="1" ind2="0" tag="245"><subfield code="a">Resonant particles</subfield><subfield code="b">Proceedings second topical conference, ohio university athens, ohio june 10-12, 1965</subfield><subfield code="c">B.a. munir</subfield></datafield><datafield ind1=" " ind2=" " tag="260"><subfield code="a">Ohio</subfield><subfield code="b">Ohio University</subfield><subfield code="c">1965</subfield></datafield><datafield ind1=" " ind2=" " tag="300"><subfield code="a">VIII + 552P</subfield></datafield><datafield ind1=" " ind2=" " tag="852"><subfield code="a">34422</subfield><subfield code="c">539.12</subfield></datafield><datafield ind1=" " ind2=" " tag="CAT"><subfield code="a">Sys</subfield><subfield code="c">20111121</subfield><subfield code="h">154609</subfield></datafield></record></collection>